% This file was created with JabRef 2.10.
% Encoding: Cp1252

% This file was created with JabRef 2.10.
% Encoding: Cp1252

@misc{epidem,

	Title 					= {{Chapter 1: Epidemiology of Type 1 Diabetes}},
	Author 					= {David M Maahs and Nancy A West and Jean M. Lawrence and Elizabeth J Mayer-Davis},
	Year 					= {2011},
	Month  					= {Setembro},
	Pages					= {3}

}

@misc{type2,

  title = {{Type 2 diabetes}},
  Author = {{Diabetes.co.uk}},
  howpublished = "\url{http://www.diabetes.co.uk/type2-diabetes.html}",
  note = {[Online; acedido a 17 de Junho de 2016]}
}

@misc{type15,

  title = {{Type 1.5 diabetes}},
  Autor = {{Diabetes.co.uk}},
  howpublished = {\url{http://www.diabetes.co.uk/type15-diabetes.html}},
  note = {[Online; acedido a 17 de Junho de 2016]}
}


@misc{hba1c,

  title = {{What is HbA1c?}},
  Autor = {{Diabetes.co.uk}},
  howpublished = {\url{http://www.diabetes.co.uk/what-is-hba1c.html}},
  note = {[Online; acedido a 17 de Junho de 2016]}
}

@misc{prediabetes,

  title = {{Prediabetes}},
  Autor = {{Mayo Clinic staff}},
  howpublished = {\url{http://www.mayoclinic.org/diseases-conditions/prediabetes/basics/definition/con-20024420}},
  note = {[Online; acedido a 17 de Junho de 2016]}
}

@misc{akku,

  title = {{Accu-Check Combo}},
  Autor = {{Roche}},
  howpublished = {\url{https://www.accu-chek.com.br/br/produtos/sic/index.html}},
  note = {[Online; acedido a 17 de Junho de 2016]}
}


@misc{cgm,

  title = {{Continuous Glucose Monitoring | What is CGM?}},
  Autor = {{Dexcom}},
  howpublished = {\url{https://www.dexcom.com/continuous-glucose-monitoring}},
  note = {[Online; acedido a 17 de Junho de 2016]}
}

@incollection{chapter6,
	
	title = {{Introduction to Data Mining}},
	Author = {Pang-Ning Tan and Michael Steinbach and Vipin Kumar},
	Editor = {Pearson Addison Wesley},
	Year = {2008},
	Pages = {328},
	Chapter = {6}

}

@incollection{walmart,
	
	title = {{Big Data: A Revolution That Will Transform How We Live, Work, and Think}},
	Author = {Viktor Mayer-Schonberger and Kenneth Cukier},
	Editor = {Eamon Dolan/Mariner Books},
	Year = {2013},
	Pages = {118},
	Chapter = {4}

}

@misc{apriori,

  title = {{Apriori}},
  Autor = {{Oracle}},
  howpublished = {\url{https://docs.oracle.com/cd/B28359_01/datamine.111/b28129/algo_apriori.htm}},
  note = {[Online; acedido a 17 de Junho de 2016]}
}

@misc{packages,

  title = {{R Packages}},
  Autor = {{Quick-R}},
  howpublished = {\url{http://www.statmethods.net/interface/packages.html}},
  note = {[Online; acedido a 17 de Junho de 2016]}
}

@misc{cran,

  title = {{The Comprehensive R Archive Network}},
  Autor = {{CRAN}},
  howpublished = {\url{https://cran.r-project.org/}},
  note = {[Online; acedido a 17 de Junho de 2016]}
}


@incollection{bayes,

  title = {{Encyclopedia of Statistics in Quality and Reliability}},
  Author = {Fabrizio Ruggeri and Ron S. Kennet and Frederick W. Faltin},
  Editor = {Wiley},
  Year = {2007},
  Pages = {490}
}

@article{personalized,

  title = {{Paving the Way for Personalized Medicine: FDA's Role in a New Era of Medical Product Development}},
  Author = {Food and Drug Administration},
  Year = {2013},
  Pages = {5-11}

  }

  @artile{cancer,
  title = {{Predicting breast cancer survivability: a comparison of three data mining methods}},
  Author = {Dursun Delen and Glenn Walker and Amit Kadam},
  Year = {2004}
  }

  @conference{sota2,

  title= {{Intelligent Heart Disease Prediction System Using Data Mining Techniques }},
  Author = {Sellappan Palaniappan and Rafiah Awang},
  booktitle = {International Conference on Computer Systems and Applications},
  Year = {2008},
  Pages = {108-115}

  }

@article{association,

	title = {{Mining Association Rules from Clinical Databases: An Intelligent Diagnostic Process in Healthcare}},
	Author = {S. Stilou and P.D. Bamidis and N. Maglaveras and C. Pappas},
	Year = {2001}

}

@conference{svm,

	title = {{Rule Extraction From Support Vector Machines Using Ensemble Learning Approach: An Application for Diagnosis of Diabetes}},
	Author = {Longfei Han and Senlin Luo and Jianmin Yu and Limin Pan and Songjing Chen},
	booktitle = {IEEE JOURNAL OF BIOMEDICAL AND HEALTH INFORMATICS, VOL. 19},
	Year = {2015}

}

@misc{users,

  title = {{Number of smartphone users worldwide from 2014 to 2019 (in millions)}},
  Autor = {{Statista}},
  howpublished = {\url{http://www.statista.com/statistics/330695/number-of-smartphone-users-worldwide/}},
  note = {[Online; acedido a 17 de Junho de 2016]}
}


@misc{mercadomovel,

  title = {{Operating system market share}},
  Autor = {{Netmarketshare}},
  howpublished = {\url{https://www.netmarketshare.com/operating-system-market-share.aspx?qprid=8&qpcustomd=1}},
  note = {[Online; acedido a 17 de Junho de 2016]}
}